<record xmlns='http://www.loc.gov/MARC21/slim'><leader>01516cdm a2200313 a 4500</leader><controlfield tag='001'>3701679</controlfield><controlfield tag='005'>20170119120306.0</controlfield><controlfield tag='008'>060616s1999    xx opze        nn   zxx  </controlfield><datafield ind1=' ' ind2=' ' tag='035'><subfield code='a'>3701679</subfield></datafield><datafield ind1=' ' ind2=' ' tag='040'><subfield code='a'>ANL</subfield><subfield code='b'>eng</subfield><subfield code='d'>ANL</subfield></datafield><datafield ind1=' ' ind2=' ' tag='042'><subfield code='a'>anuc</subfield></datafield><datafield ind1='1' ind2=' ' tag='100'><subfield code='a'>Handel, George Frideric,</subfield><subfield code='d'>1685-1759.</subfield></datafield><datafield ind1='1' ind2='0' tag='240'><subfield code='a'>Rinaldo</subfield></datafield><datafield ind1='1' ind2='0' tag='245'><subfield code='a'>Rinaldo</subfield><subfield code='h'>[music] /</subfield><subfield code='c'>G. F. Händel ; edited [by] Richard Divall.</subfield></datafield><datafield ind1=' ' ind2=' ' tag='260'><subfield code='c'>c1999.</subfield></datafield><datafield ind1=' ' ind2=' ' tag='300'><subfield code='a'>3 boxes (42 cm.)</subfield></datafield><datafield ind1=' ' ind2=' ' tag='500'><subfield code='a'>Part of the Richard Divall collection of music scores.</subfield></datafield><datafield ind1=' ' ind2=' ' tag='500'><subfield code='a'>Boxes 1-2. Copy of unidentified edition annotated by Richard Divall; 29 instrumental parts mainly spiral bound; includes loose &quot;Notes&quot; inserted in some parts.</subfield></datafield><datafield ind1=' ' ind2=' ' tag='500'><subfield code='a'>Box 3. Large tied folder of m/s inserts, a few printed, the remainder in Divall&apos;s hand, some annotated &quot; ed. Richard Divall APRA c[opyright] 1997&quot;, others annotated &quot;ed. Richard Divall from Handel m/s c[opyright] 1998 APRA&quot;.</subfield></datafield><datafield ind1=' ' ind2=' ' tag='506'><subfield code='a'>Available for reference. Not for loan.</subfield></datafield><datafield ind1=' ' ind2=' ' tag='520'><subfield code='a'>Collection of printed and published orchestral parts, plus a large folder of m/s inserts in Divall&apos;s hand.</subfield></datafield><datafield ind1=' ' ind2=' ' tag='540'><subfield code='a'>Copyright A.P.R.A. 1999.</subfield></datafield><datafield ind1=' ' ind2=' ' tag='540'><subfield code='a'>Copyright A.P.R.A. 1997.</subfield></datafield><datafield ind1=' ' ind2=' ' tag='540'><subfield code='a'>Copyright A.P.R.A. 1998.</subfield></datafield><datafield ind1=' ' ind2='0' tag='650'><subfield code='a'>Operas</subfield><subfield code='v'>Parts.</subfield></datafield><datafield ind1=' ' ind2=' ' tag='653'><subfield code='a'>Australian</subfield></datafield><datafield ind1='1' ind2=' ' tag='700'><subfield code='a'>Divall, Richard,</subfield><subfield code='d'>1945-2017.</subfield></datafield><datafield ind1='0' ind2='8' tag='773'><subfield code='i'>In collection:</subfield><subfield code='a'>Divall, Richard, 1945-2017.</subfield><subfield code='t'>Richard Divall collection of music scores</subfield><subfield code='w'>(AuCNL)3061145</subfield></datafield><datafield ind1='1' ind2=' ' tag='800'><subfield code='a'>Divall, Richard,</subfield><subfield code='d'>1945-2017.</subfield><subfield code='t'>Richard Divall collection of music scores.</subfield></datafield></record>